@Misc{Leijen201604,
title={Madoko Reference},
author={Daan Leijen},
publisher={Microsoft Research},
year={2016},
month={4},
url={http://research.microsoft.com/en-us/um/people/daan/madoko/doc/reference.html}
}
